@article{MP,
	Author = {Autorenome Cognome}, 
	Journal = {ACM},
	Title = {titolo},
	Year = {anno}}

@online{Loc,
	Author = {Loccioni},
	Title = {Loccioni},
	Url = {https://www.loccioni.com/it},
	Bdsk-Url-1 = { https://www.loccioni.com/it}}

@online{dialdoc,
	Author = {Microsoft},
	Title = {windows-wheel-interactions},
	Url = {https://docs.microsoft.com/it-it/windows/uwp/design/input/windows-wheel-interactions},
	Bdsk-Url-1 = {https://docs.microsoft.com/it-it/windows/uwp/design/input/windows-wheel-interactions}}
	
@online{rad,
	Author = {Microsoft},
	Title = {Windows.UI.Input.RadialController},
	Url = {https://docs.microsoft.com/it-it/uwp/api/Windows.UI.Input.RadialController?view=winrt-19041},
	Bdsk-Url-1 = {https://docs.microsoft.com/it-it/uwp/api/Windows.UI.Input.RadialController?view=winrt-19041}}
	
@online{uwpex,
	Author = {Microsoft},
	Title = {Windows-universal-samples},
	Url = {https://github.com/Microsoft/Windows-universal-samples/tree/master/Samples/RadialController},
	Bdsk-Url-1 = {https://github.com/Microsoft/Windows-universal-samples/tree/master/Samples/RadialController}}

@online{son,
	Author = {Bruno Sonnino},
	Title = {Working with the surface dial in UWP. 31/12/2016},
	Url = {https://blogs.msmvps.com/bsonnino/2016/12/},
	Bdsk-Url-1 = {https://blogs.msmvps.com/bsonnino/2016/12/}}

@online{ken,
	Author = {Progress Software Corporation},
	Title = {Modern UI made easy},
	Url = {https://www.telerik.com},
	Bdsk-Url-1 = {https://www.telerik.com}}
	
@online{gitl,
	Author = {GitLab},
	Title = {2020},
	Url = {https://it.wikipedia.org/wiki/GitLab},
	Bdsk-Url-1 = {https://it.wikipedia.org/wiki/GitLab}}
	
@online{html,
	Author = {HTML},
	Title = {2020},
	Url = {https://en.wikipedia.org/wiki/HTML},
	Bdsk-Url-1 = {https://en.wikipedia.org/wiki/HTML}}
	
@online{vs,
	Author = {Microsoft},
	Title = {Visual Studio},
	Url = {https://visualstudio.microsoft.com/it/vs/
community/},
	Bdsk-Url-1 = {https://visualstudio.microsoft.com/it/vs/
community/}}

@online{vsc,
	Author = {Microsoft},
	Title = {Visual Studio Code},
	Url = {https://code.visualstudio.com/docs},
	Bdsk-Url-1 = {https://code.visualstudio.com/docs}}
	
	
@online{npm,
	Author = {NPM},
	Title = {Software},
	Url = { https://it.wikipedia.org/wiki/Npm (software)},
	Bdsk-Url-1 = { https://it.wikipedia.org/wiki/Npm (software)}}
	
@online{ang,
	Author = {Angular},
	Title = {Introduction to Angular},
	Url = { https://angular.io/},
	Bdsk-Url-1 = { https://angular.io/}}

@online{typ,
	Author = {Microsoft},
	Title = {TypeScript},
	Url = {https://github.com/Microsoft/TypeScript},
	Bdsk-Url-1 = {https://github.com/Microsoft/TypeScript}}

@online{scr,
	Author = {Wikipedia},
	Title = {Scrum},
	Url = {https://it.wikipedia.org/wiki/Scrum_(informatica)},
	Bdsk-Url-1 = {https://it.wikipedia.org/wiki/Scrum_(informatica)}}
	
@online{rin,
	Author = {Wikipedia},
	Title = {Rilascio Incrementale},
	Url = {https://it.wikipedia.org/wiki/Modello_incrementale},
	Bdsk-Url-1 = {https://it.wikipedia.org/wiki/Modello_incrementale}}

@online{dial,
	Author = {Microsoft},
	Title = {Scoprire Surface Dial},
	Url = {https://support.microsoft.com/it-it/surface/scoprire-surface-dial-1e58a0e6-4d4a-6303-afcd-ef0234047628},
	Bdsk-Url-1 = {https://support.microsoft.com/it-it/surface/scoprire-surface-dial-1e58a0e6-4d4a-6303-afcd-ef0234047628}}
			
@online{uwpdoc,
	Author = {Microsoft},
	Title = {Documentazione della piattaforma UWP (Universal Windows Platform)},
	Url = {https://docs.microsoft.com/it-it/windows/uwp/},
	Bdsk-Url-1 = {https://docs.microsoft.com/it-it/windows/uwp/}}
	
@online{webview,
	Author = {Microsoft},
	Title = {WebView},
	Url = {https://docs.microsoft.com/it-it/windows/uwp/design/controls-and-patterns/web-view},
	Bdsk-Url-1 = {https://docs.microsoft.com/it-it/windows/uwp/design/controls-and-patterns/web-view}}

@online{cs,
	Author = {Microsoft},
	Title = {C\#},
	Url = {https://it.wikipedia.org/wiki/C_sharp},
	Bdsk-Url-1 = {https://it.wikipedia.org/wiki/C_sharp}}
	
@online{git,
	Author = {Software Freedom Conservancy},
	Title = {Git},
	Url = {https://git-scm.com/},
	Bdsk-Url-1 = {https://git-scm.com/}}
	
@online{rd,
	Author = {Microsoft},
	Title = {Remote Debugger},
	Url = {https://docs.microsoft.com/it-it/visualstudio/debugger/remote-debugging?view=vs-2019},
	Bdsk-Url-1 = {https://docs.microsoft.com/it-it/visualstudio/debugger/remote-debugging?view=vs-2019}}
	
@online{miro,
	Author = {Miro},
	Title = {Miro},
	Url = {https://miro.com/},
	Bdsk-Url-1 = {https://miro.com/}}

@online{mt,
	Author = {Microsoft},
	Title = {Microsoft Teams},
	Url = {https://www.microsoft.com/it-it/microsoft-365/microsoft-teams/group-chat-software},
	Bdsk-Url-1 = {https://www.microsoft.com/it-it/microsoft-365/microsoft-teams/group-chat-software}}
	
@online{tr,
	Author = {Fog Creek Software},
	Title = {Trello},
	Url = {https://trello.com/},
	Bdsk-Url-1 = {https://trello.com/}}

@book{ajax,
	Author = {Joe, Fawcett and Jeremy, McPeak and Nicholas, C.Zakas},
	Date = {2007},
	Location = {Milano},
	Publisher = {Hoepli},
	Title = {Ajax Guida per lo sviluppatore}}
	
@online{el,
	Author = {Savethehuman},
	Title = {Elephant},
	Url = {https://savethehuman5.com/elephant/#},
	Bdsk-Url-1 = {https://savethehuman5.com/elephant/#}}
	
@online{aul,
	Author = {Saverio Tosi Giorgio Mandolini.Loccioni},
	Title = {sviluppare un framework a sup-porto del core business},
	Url = {https://www.flowing.it/case-study/loccioni-sviluppare-un-framework-a-supporto-del-core-business},
	Bdsk-Url-1 = {https://www.flowing.it/case-study/loccioni-sviluppare-un-framework-a-supporto-del-core-business}}

@online{wv,
	Author = {Microsoft},
	Title = {WebView},
	Url = {https://docs.microsoft.com/it-it/uwp/api/Windows.UI.Xaml.Controls.WebView?view=winrt-},
	Bdsk-Url-1 = {https://docs.microsoft.com/it-it/uwp/api/Windows.UI.Xaml.Controls.WebView?view=winrt-}}

@online{afw,
	Author = {Microsoft},
	Title = {AllowForWebAttribute},
	Url = {https://docs.microsoft.com/en-us/uwp/api/windows.foundation.metadata.allowforwebattribute?view=winrt-19041},
	Bdsk-Url-1 = {https://docs.microsoft.com/en-us/uwp/api/windows.foundation.metadata.allowforwebattribute?view=winrt-19041}}
	
@online{awao,
	Author = {Microsoft},
	Title = { WebView.AddWebAllowedObject},
	Url = {https://docs.microsoft.com/en-us/uwp/api/windows.ui.xaml.controls.webview.addweballowedobject?view=winrt-19041#Windows_UI_Xaml_Controls_WebView_AddWebAllowedObject_System_String_System_Object_},
	Bdsk-Url-1 = {https://docs.microsoft.com/en-us/uwp/api/windows.ui.xaml.controls.webview.addweballowedobject?view=winrt-19041#Windows_UI_Xaml_Controls_WebView_AddWebAllowedObject_System_String_System_Object_}}
	
@online{isa,
	Author = {Microsoft},
	Title = {WebView.InvokeScriptAsync},
	Url = { https://docs.microsoft.com/en-us/uwp/api/windows.ui.xaml.controls.webview.invokescriptasync?view=winrt-19041#Windows_UI_Xaml_Controls_WebView_InvokeScriptAsync_System_String_Windows_Foundation_Collections_IIterable_System_String__},
	Bdsk-Url-1 = { https://docs.microsoft.com/en-us/uwp/api/windows.ui.xaml.controls.webview.invokescriptasync?view=winrt-19041#Windows_UI_Xaml_Controls_WebView_InvokeScriptAsync_System_String_Windows_Foundation_Collections_IIterable_System_String__}}

@online{wuc,
	Author = {Microsoft},
	Title = {Windows.UI.Core},
	Url = {https://docs.microsoft.com/en-us/uwp/api/windows.ui.core?view=winrt-19041},
	Bdsk-Url-1 = {hhttps://docs.microsoft.com/en-us/uwp/api/windows.ui.core?view=winrt-19041}}
	
@online{ipi,
	Author = {Microsoft},
	Title = {Windows.UI.Input.Preview.Injection},
	Url = {https://docs.microsoft.com/en-us/uwp/api/windows.ui.input.preview.injection?view=winrt-19041},
	Bdsk-Url-1 = {https://docs.microsoft.com/en-us/uwp/api/windows.ui.input.preview.injection?view=winrt-19041}}

@online{wv2,
	Author = {Microsoft},
	Title = {Introduction to Microsoft Edge WebView2},
	Url = {https://docs.microsoft.com/en-us/microsoft-edge/webview2/},
	Bdsk-Url-1 = {https://docs.microsoft.com/en-us/microsoft-edge/webview2/}}
	
@online{wdh,
	Author = {Microsoft},
	Title = {Windows.Devices.Haptics},
	Url = {https://docs.microsoft.com/en-us/uwp/api/windows.devices.haptics?view=winrt-19041},
	Bdsk-Url-1 = {https://docs.microsoft.com/en-us/uwp/api/windows.devices.haptics?view=winrt-19041}}
	
@online{dwv2,
	Author = {Microsoft},
	Title = {Get started debugging WebView2 applications},
	Url = {https://docs.microsoft.com/en-us/microsoft-edge/webview2/howto/debug?tabs=devtools},
	Bdsk-Url-1 = {https://docs.microsoft.com/en-us/microsoft-edge/webview2/howto/debug?tabs=devtools}}

@online{win,
	Author = {MDN Contributors},
	Title = {Window},
	Url = {https://developer.mozilla.org/en-US/docs/Web/API/Window},
	Bdsk-Url-1 = {https://developer.mozilla.org/en-US/docs/Web/API/Window}}

@online{ss,
	Author = {Angular},
	Title = {Singleton Services},
	Url = {https://angular.io/guide/singleton-services},
	Bdsk-Url-1 = {https://angular.io/guide/singleton-services}}

@online{gs,
	Author = {Google},
	Title = {Gamepad e schermi compatibili con Stadia},
	Url = {https://support.google.com/stadia/answer/9578631?hl=it},
	Bdsk-Url-1 = {https://support.google.com/stadia/answer/9578631?hl=it}}

@online{sur,
	Author = {Microsoft},
	Title = {Surface Pro 6},
	Url = {https://en.wikipedia.org/wiki/Surface_Pro_6},
	Bdsk-Url-1 = {https://en.wikipedia.org/wiki/Surface_Pro_6}}	
	

	
	