%% This BibTeX bibliography file was created using BibDesk.
%% https://bibdesk.sourceforge.io/

%% Created for Marco Piangerelli at 2019-09-30 12:48:04 +0200 


%% Saved with string encoding Unicode (UTF-8) 



@article{MP,
	Author = {Autorenome Cognome}, 
	Journal = {ACM},
	Title = {titolo},
	Year = {anno}}

@online{trello,
	Author = {Trello},
	Title = {Trello},
	Url = {https://trello.com/},
	Bdsk-Url-1 = {https://trello.com/}}

@article{paperopoli,
	Author = {Paolino, Paperino and Paperone, De Paperoni and John Davison, Rockerducki},
	Date = {2011},
	Location = {Milano},
	Publisher = {Hoepli},
	Title = {Il deposito di Paperopoli}}

@book{ajax,
	Author = {Joe, Fawcett and Jeremy, McPeak and Nicholas, C.Zakas},
	Date = {2007},
	Location = {Milano},
	Publisher = {Hoepli},
	Title = {Ajax Guida per lo sviluppatore}}
